@online{perisic16,
    author = "Perisic, Igor",
    title = "Making Hard Choices: The Quest for Ethics in Machine Learning",
    month = Nov.,
    year = {2016},
    url = {https://engineering.linkedin.com/blog/2016/11/making-hard-choices--the-quest-for-ethics-in-machine-learning},
    urldate = {2017-10-19}
}

@online{mccalman17,
    author = "McCalman, Lachlan",
    title = "Ethis By Numbers: How to Build Machine Learning that Cares",
    month = Oct.,
    year = {2017},
    url = {https://theconversation.com/ethics-by-numbers-how-to-build-machine-learning-that-cares-85399},
    urldate = {2017-10-24}
}

@book{bonaccorso17,
    title={Machine Learning Algorithms},
    publisher={Packt Publishing},
    author={Bonaccorso, Giuseppe},
    year={2017}
}
 
@article{pang15,
    title={From automated home to sustainable, healthy and manufacturing home: a new story enabled by the Internet-of-Things and Industry 4.0},
    volume={2},
    DOI={10.1080/23270012.2015.1115379},
    number={4},
    journal={Journal of Management Analytics},
    author={Branger, Jakob and Pang, Zhibo},
    year={2015},
    pages={314-332}
}
 
@article{risteska17,
    title={A review of Internet of Things for smart home: Challenges and solutions},
    volume={140},
    DOI={10.1016/j.jclepro.2016.10.006},
    journal={Journal of Cleaner Production},
    author={Risteska Stojkoska, Biljana L. and Trivodaliev, Kire V.},
    year={2017},
    pages={1454-1464}
}
 
@article{vlacheas13,
    title={Enabling smart cities through a cognitive management framework for the internet of things},
    volume={51},
    DOI={10.1109/mcom.2013.6525602},
    number={6},
    journal={IEEE Communications Magazine},
    author={Vlacheas, Panagiotis and Giaffreda, Raffaele and Stavroulaki, Vera and Kelaidonis, Dimitris and Foteinos, Vassilis and Poulios, George and Demestichas, Panagiotis and Somov, Andrey and Biswas, Abdur and Moessner, Klaus},
    year={2013},
    pages={102-111}
}

@article{chan17,
    title={A Rhetoric Analysis of Popular Machine Learning Editorials},
    author={Chan, Jayden},
    year={2017},
    pages={1}
}
